<?xml version="1.0" encoding="UTF-8"?><collection xmlns="http://www.loc.gov/MARC21/slim"><record><leader>00537nam--2200157-i-4500</leader><controlfield tag="001">000039082</controlfield><controlfield tag="002">20161230</controlfield><controlfield tag="005">20161230201042</controlfield><controlfield tag="008">060222s1000------------r-----000-0-eng-d</controlfield><datafield ind1=" " ind2=" " tag="040"><subfield code="a">IFIN-HH</subfield></datafield><datafield ind1="1" ind2=" " tag="100"><subfield code="a">Mill, C.C</subfield></datafield><datafield ind1="1" ind2="0" tag="245"><subfield code="a">Rheology of disperse systems</subfield><subfield code="b">Proceedings of a Conference Organized by the British Society of Rheology and Held at the University College of Swansea in September 1957</subfield><subfield code="c">C.C. MILL (Ed.)</subfield></datafield><datafield ind1=" " ind2=" " tag="260"><subfield code="a">London, Pergamon Press, 1959,</subfield></datafield><datafield ind1=" " ind2=" " tag="300"><subfield code="a">VII + 223P</subfield></datafield><datafield ind1=" " ind2=" " tag="852"><subfield code="a">15776</subfield><subfield code="c">532</subfield></datafield><datafield ind1=" " ind2=" " tag="CAT"><subfield code="a">Sys</subfield><subfield code="c">20100713</subfield><subfield code="h">110735</subfield></datafield></record></collection>